@article{2020_1,
  title={Cyclists′ exposure to road traffic noise: A comparison of three North American and European cities},
  author={Apparicio, Philippe and Gelb, J{\'e}r{\'e}my},
  journal={Acoustics},
  volume={2},
  number={1},
  pages={73--86},
  year={2020},
  doi = {10.3390/acoustics2010006},
  url = {https://doi.org/10.3390/acoustics2010006}
}
@article{2020_2,
  title={Short-term impact of traffic-related particulate matter and noise exposure on cardiac function},
  author={Buregeya, Jean Marie and Apparicio, Philippe and Gelb, J{\'e}r{\'e}my},
  journal={International Journal of Environmental Research and Public Health},
  volume={17},
  number={4},
  pages={1220},
  year={2020},
  doi = {10.3390/ijerph17041220},
  url = {https://dx.doi.org/10.3390%2Fijerph17041220}
}
@article{2020_3,
  title={Modelling Cyclists’ Multi-Exposure to Air and Noise Pollution with Low-Cost Sensors—The Case of Paris},
  author={Gelb, J{\'e}r{\'e}my and Apparicio, Philippe},
  journal={Atmosphere},
  volume={11},
  number={4},
  pages={422},
  year={2020},
  publisher={Multidisciplinary Digital Publishing Institute},
  url = {https://dx.doi.org/10.3390%2Fijerph17041220}
}
@article{2019_1,
  title={Un atlas-web pour comparer l’exposition individuelle aux pollutions atmosph{\'e}rique et sonore selon le mode de transport},
  author={Apparicio, Philippe and Gelb, J{\'e}r{\'e}my and Mathieu, Marie-{\`E}ve},
  journal={Cybergeo: European Journal of Geography},
  number={903},
  year={2019},
  doi = {10.3390/atmos11040422},
  url = {https://doi.org/10.3390/atmos11040422}
}
@article{2019_2,
  title={L'identification des zones calmes et un diagnostic d’{\'e}quit{\'e} environnementale {\`a} Montr{\'e}al},
  author={Delaunay, D{\'e}borah and Apparicio, Philippe and S{\'e}guin, Anne-Marie and Gelb, J{\'e}r{\'e}my and Carrier, Mathieu},
  journal={The Canadian Geographer/Le G{\'e}ographe canadien},
  volume={63},
  number={2},
  pages={184--197},
  year={2019},
  publisher={Wiley Online Library},
  doi = {10.1111/cag.12511},
  url = {https://doi.org/10.1111/cag.12511}
}
@article{2019_3,
  title={Noise exposure of cyclists in Ho Chi Minh City: A spatio-temporal analysis using non-linear models},
  author={Gelb, Jeremy and Apparicio, Philippe},
  journal={Applied Acoustics},
  volume={148},
  pages={332--343},
  year={2019},
  publisher={Elsevier},
  doi = {j.apacoust.2018.12.031},
  url = {https://doi.org/10.1016/j.apacoust.2018.12.031}
}
@article{2018_1,
  title={Exposure to noise and air pollution by mode of transportation during rush hours in Montreal},
  author={Apparicio, Philippe and Gelb, J{\'e}r{\'e}my and Carrier, Mathieu and Mathieu, Marie-{\`E}ve and Kingham, Simon},
  journal={Journal of Transport Geography},
  volume={70},
  pages={182--192},
  year={2018},
  publisher={Elsevier},
  doi = {10.1016/j.jtrangeo.2018.06.007},
  url = {https://doi.org/10.1016/j.jtrangeo.2018.06.007}
}
@article{2017_1,
  title={The approaches to measuring the potential spatial access to urban health services revisited: distance types and aggregation-error issues},
  author={Apparicio, Philippe and Gelb, J{\'e}r{\'e}my and Dub{\'e}, Anne-Sophie and Kingham, Simon and Gauvin, Lise and Robitaille, {\'E}ric},
  journal={International journal of health geographics},
  volume={16},
  number={1},
  pages={32},
  year={2017},
  publisher={BioMed Central},
  doi = {10.1186/s12942-017-0105-9},
  url = {https://doi.org/10.1186/s12942-017-0105-9}
}
@article{2016_1,
  title={Cyclists' exposure to air pollution and road traffic noise in central city neighbourhoods of Montreal},
  author={Apparicio, Philippe and Carrier, Mathieu and Gelb, J{\'e}r{\'e}my and S{\'e}guin, Anne-Marie and Kingham, Simon},
  journal={Journal of Transport Geography},
  volume={57},
  pages={63--69},
  year={2016},
  publisher={Elsevier},
  doi = {j.jtrangeo.2016.09.014},
  url = {https://doi.org/10.1016/j.jtrangeo.2016.09.014}
}
